<?xml version="1.0" encoding="UTF-8"?><collection xmlns="http://www.loc.gov/MARC21/slim"><record><leader>00594nam--2200181-i-4500</leader><controlfield tag="001">000048652</controlfield><controlfield tag="002">20161230</controlfield><controlfield tag="005">20161230201047</controlfield><controlfield tag="008">060222s1000------------r-----000-0-eng-d</controlfield><datafield ind1=" " ind2=" " tag="040"><subfield code="a">IFIN-HH</subfield></datafield><datafield ind1=" " ind2=" " tag="080"><subfield code="a">539.12.04:538.9(063)</subfield></datafield><datafield ind1="1" ind2=" " tag="100"><subfield code="a">Peterson, N.L</subfield></datafield><datafield ind1="1" ind2="0" tag="245"><subfield code="a">Radiation damage in metals</subfield><subfield code="b">Papers presented at a seminar of the american society for metals november 9 and 10, 1975</subfield><subfield code="c">N.l. peterson, s.d. harkness (eds.)</subfield></datafield><datafield ind1=" " ind2=" " tag="260"><subfield code="a">Ohio</subfield><subfield code="b">American Society For Metals</subfield><subfield code="c">1975</subfield></datafield><datafield ind1=" " ind2=" " tag="300"><subfield code="a">X+405P</subfield></datafield><datafield ind1="1" ind2=" " tag="700"><subfield code="a">Harkness, S.D</subfield><subfield code="e">Ed</subfield></datafield><datafield ind1=" " ind2=" " tag="852"><subfield code="a">45957</subfield><subfield code="c">539.12.04</subfield></datafield><datafield ind1=" " ind2=" " tag="CAT"><subfield code="a">Sys</subfield><subfield code="c">20120209</subfield><subfield code="h">122549</subfield></datafield></record></collection>